@inproceedings{johnson2020benefits,
  title={Benefits and Pitfalls of Jupyter Notebooks in the Classroom},
  author={Johnson, Jeremiah W},
  booktitle={Proceedings of the 21st Annual Conference on Information Technology Education},
  pages={32--37},
  year={2020}
}


@Article{PER-GRA:2007,
  Author    = {P\'erez, Fernando and Granger, Brian E.},
  Title     = {{IP}ython: a System for Interactive Scientific Computing},
  Journal   = {Computing in Science and Engineering},
  Volume    = {9},
  Number    = {3},
  Pages     = {21--29},
  month     = may,
  year      = 2007,
  url       = "https://ipython.org",
  ISSN      = "1521-9615",
  doi       = {10.1109/MCSE.2007.53},
  publisher = {IEEE Computer Society},
}

@ARTICLE{2018perkel,
       author = {{Perkel}, Jeffrey M.},
        title = "{Why Jupyter is data scientists' computational notebook of choice}",
      journal = {\nat},
         year = "2018",
        month = "Oct",
       volume = {563},
       number = {7729},
        pages = {145-146},
          doi = {10.1038/d41586-018-07196-1},
       adsurl = {https://ui.adsabs.harvard.edu/abs/2018Natur.563..145P},
      adsnote = {Provided by the SAO/NASA Astrophysics Data System}
}

@INPROCEEDINGS{2014AGUFM,
       author = {{Ragan-Kelley}, M. and {Perez}, F. and {Granger}, B. and {Kluyver}, T. and
         {Ivanov}, P. and {Frederic}, J. and {Bussonnier}, M.},
        title = "{The Jupyter/IPython architecture: a unified view of computational research, from interactive exploration to communication and publication.}",
     keywords = {1805 Computational hydrology, 1847 Modeling, 1894 Instruments and techniques: modeling, 1910 Data assimilation, integration and fusion},
    booktitle = {AGU Fall Meeting Abstracts},
         year = "2014",
       volume = {2014},
        month = "Dec",
          eid = {H44D-07},
        pages = {H44D-07},
       adsurl = {https://ui.adsabs.harvard.edu/abs/2014AGUFM.H44D..07R},
      adsnote = {Provided by the SAO/NASA Astrophysics Data System}
}

@article{Glick:2018:UJN:3280489.3280518,
        author = {Glick, Ben and Mache, Jens},
        title = {Using {Jupyter} Notebooks to Learn High-performance Computing},
        journal = {J. Comput. Sci. Coll.},
        issue_date = {October 2018},
        volume = {34},
        number = {1},
        month = oct,
        year = {2018},
        issn = {1937-4771},
        pages = {180--188},
        numpages = {9},
        url = {http://dl.acm.org/citation.cfm?id=3280489.3280518},
        acmid = {3280518},
        publisher = {Consortium for Computing Sciences in Colleges},
        address = {USA},
}

@ARTICLE{2018arXiv181008055R,
       author = {{Rule}, Adam and {Birmingham}, Amanda and {Zuniga}, Cristal and
         {Altintas}, Ilkay and {Huang}, Shih-Cheng and {Knight}, Rob and
         {Moshiri}, Niema and {Nguyen}, Mai H. and {Brin Rosenthal}, Sara and
         {P{\'e}rez}, Fernando and {Rose}, Peter W.},
        title = "{Ten Simple Rules for Reproducible Research in Jupyter Notebooks}",
      journal = {arXiv e-prints},
     keywords = {Computer Science - Other Computer Science, Computer Science - Computers and Society},
         year = "2018",
        month = "Oct",
          eid = {arXiv:1810.08055},
        pages = {arXiv:1810.08055},
archivePrefix = {arXiv},
       eprint = {1810.08055},
 primaryClass = {cs.OH},
       adsurl = {https://ui.adsabs.harvard.edu/abs/2018arXiv181008055R},
      adsnote = {Provided by the SAO/NASA Astrophysics Data System}
}

@INPROCEEDINGS{2018decyk,
       author = {{Decyk}, Viktor and {Winjum}, Benjamin and {An}, Weiming and
         {Joglekar}, Archis and {Lee}, Roman and {Miller}, Kyle and
         {Tsung}, Frank and {Wen}, Han and {Zhao}, Yujian and {Mori}, Warren},
        title = "{JupyterPIC: Reproducible research and education through the integration of plasma simulation software with Juptyer notebooks}",
    booktitle = {APS Division of Plasma Physics Meeting Abstracts},
         year = "2018",
       series = {APS Meeting Abstracts},
       volume = {2018},
        month = "Jan",
          eid = {JP11.006},
        pages = {JP11.006},
       adsurl = {https://ui.adsabs.harvard.edu/abs/2018APS..DPPJ11006D},
      adsnote = {Provided by the SAO/NASA Astrophysics Data System}
}

@INPROCEEDINGS{2017Castronova,
       author = {{Castronova}, A.~M. and {Brazil}, L. and {Seul}, M.},
        title = "{Cloud-based Jupyter Notebooks for Water Data Analysis}",
     keywords = {1916 Data and information discovery, INFORMATICS, 1918 Decision analysis, INFORMATICS, 1960 Portals and user interfaces, INFORMATICS, 1976 Software tools and services, INFORMATICS},
    booktitle = {AGU Fall Meeting Abstracts},
         year = "2017",
       volume = {2017},
        month = "Dec",
          eid = {IN11D-03},
        pages = {IN11D-03},
       adsurl = {https://ui.adsabs.harvard.edu/abs/2017AGUFMIN11D..03C},
      adsnote = {Provided by the SAO/NASA Astrophysics Data System}
}

@article{DePratti:2019:UJN:3344051.3344077,
         author = {DePratti, Roland},
         title = {Using {Jupyter} Notebooks in a Big Data Programming Course},
         journal = {J. Comput. Sci. Coll.},
         issue_date = {April 2019},
         volume = {34},
         number = {6},
         month = apr,
         year = {2019},
         issn = {1937-4771},
         pages = {157--159},
         numpages = {3},
         url = {http://dl.acm.org/citation.cfm?id=3344051.3344077},
         acmid = {3344077},
         publisher = {Consortium for Computing Sciences in Colleges},
         address = {USA},
} 

@inproceedings{Milligan:2018:JCT:3219104.3219162,
         author = {Milligan, Michael B.},
         title = {Jupyter As Common Technology Platform for Interactive HPC Services},
         booktitle = {Proceedings of the Practice and Experience on Advanced Research Computing},
         series = {PEARC '18},
         year = {2018},
         isbn = {978-1-4503-6446-1},
         location = {Pittsburgh, PA, USA},
         pages = {17:1--17:6},
         articleno = {17},
         numpages = {6},
         url = {http://doi.acm.org/10.1145/3219104.3219162},
         doi = {10.1145/3219104.3219162},
         acmid = {3219162},
         publisher = {ACM},
         address = {New York, NY, USA},
         keywords = {High performance computing, Jupyter, interfaces, management},
} 


@inproceedings{2016Kluyver,
       booktitle = {Positioning and Power in Academic Publishing: Players, Agents and Agendas},
          editor = {Fernando Loizides and Birgit Scmidt},
           title = {Jupyter Notebooks â€“ a publishing format for reproducible computational workflows},
          author = {Thomas Kluyver and Benjamin Ragan-Kelley and Fernando P{\'e}rez and Brian Granger and Matthias Bussonnier and Jonathan Frederic and Kyle Kelley and Jessica Hamrick and Jason Grout and Sylvain Corlay and Paul Ivanov and Dami{\'a}n Avila and Safia Abdalla and Carol Willing and  Jupyter development team},
       publisher = {IOS Press},
            year = {2016},
           pages = {87--90},
             url = {https://eprints.soton.ac.uk/403913/},
        abstract = {It is increasingly necessary for researchers in all fields to write computer code, and in order to reproduce research results, it is important that this code is published. We present Jupyter notebooks, a document format for publishing code, results and explanations in a form that is both readable and executable. We discuss various tools and use cases for notebook documents.}
}

@MISC{jetbrains2018dev,
  title={{JetBrains} 2018 Developer Survey},
  howpublished={\url{https://www.jetbrains.com/research/python-developers-survey-2018/}},
  note={Accessed 25 Nov. 2019},
  }
  
  @MISC{stackoverflow2019dev,
  title={{StackOverflow} 2019 Developer Survey},
  howpublished={\url{https://insights.stackoverflow.com/survey/2019}},
  note={Accessed 25 Nov. 2019},
  }
  
  @Article{Hunter:2007,
  Author    = {Hunter, J. D.},
  Title     = {Matplotlib: A 2D graphics environment},
  Journal   = {Computing in Science \& Engineering},
  Volume    = {9},
  Number    = {3},
  Pages     = {90--95},
  abstract  = {Matplotlib is a 2D graphics package used for Python for
  application development, interactive scripting, and publication-quality
  image generation across user interfaces and operating systems.},
  publisher = {IEEE COMPUTER SOC},
  doi       = {10.1109/MCSE.2007.55},
  year      = 2007
}

@MISC{jupyter-docs,
title={{Jupyter} notebook documentation},
howpublished={\url{https://jupyter.readthedocs.io/en/latest/}},
note={Accessed 25 Nov. 2019},
}

@MISC{grus,
title={I don't like notebooks},
author={Joel Grus},
howpublished={\url{https://docs.google.com/presentation/d/1n2RlMdmv1p25Xy5thJUhkKGvjtV-dkAIsUXP-AL4ffI/edit?usp=sharing}},
note={Accessed 25 Nov. 2019},
}
