@article{einstein,
  author    = "Albert Einstein",
  title     = "{Zur Elektrodynamik bewegter K{\"o}rper}. ({German})
            [{On} the electrodynamics of moving bodies]",
  journal   = "Annalen der Physik",
  volume    = "322",
  number    = "10",
  pages     = "891--921",
  year      = "1905",
  DOI       = "http://dx.doi.org/10.1002/andp.19053221004"
}

@book{latexcompanion,
  author    = "Michel Goossens and Frank Mittelbach and Alexander Samarin",
  title     = "The \LaTeX\ Companion",
  year      = "1993",
  publisher = "Addison-Wesley",
  address   = "Reading, Massachusetts"
}

@online{knuthwebsite,
  author    = "Donald Knuth",
  title     = "Knuth: Computers and Typesetting",
  note      = "\url{http://www-cs-faculty.stanford.edu/~uno/abcde.html}"
}

@online{meinke,
  author    = "John Meinke",
  title     = "Manuscript Formatting",
  note      = "\url{http://www.ccsc.org/wp-content/uploads/ManuscriptFormatting2015.pdf}"
}

@online{copyright,
  author    = "John Meinke",
  title     = "Copyright Release Form",
  note      = "\url{http://www.ccsc.org/wp-content/uploads/CopyrightRelease2015.pdf}"
}

@inproceedings{maurer,
  author    = {Maurer, Frank},
  title     = {Agile Methods and Interaction Design: Friend or Foe?},
  booktitle = {Proceedings of the 1st ACM SIGCHI Symposium on Engineering Interactive Computing Systems},
  series    = {EICS '09},
  year      = {2009},
  isbn      = {978-1-60558-600-7},
  location  = {Pittsburgh, PA, USA},
  pages     = {209--210},
  numpages  = {2},
  url       = {http://doi.acm.org/10.1145/1570433.1570435},
  doi       = {10.1145/1570433.1570435},
  acmid     = {1570435},
  publisher = {ACM},
  address   = {New York, NY, USA},
  keywords  = {agile methods, interaction design},
}
