@online{cloudlab,
    title = "{CloudLab}",
    note = "\url{https://cloudlab.us}"
}

@online{chameleon,
    title = "{Chameleon Project}",
    note = "\url{https://www.chameleoncloud.org}"
}

@online{nsfcloud,
    title = "{CISE} Research Infrastructure: Mid-Scale Infrastructure - {NSFCloud}",
    note = "\url{https://www.nsf.gov/pubs/2013/nsf13602/nsf13602.htm}"
}

@online{emulab,
    title = "emulab, a time- and space-shared platform for research, education, and development in distributed systems and networks",
    note = "\url{https://www.emulab.net}"
}

@online{geni,
    title = "{GENI}: Global Environment for Network Innovations",
    note = "\url{https://www.geni.net}"
}