@article{rayome,
  author    = "Rayome, Alison DeNisco",
  title     = "Low-code platforms: A cheat sheet",
  journal   = "TechRepublic",
  date      = "May 16th",
  year      = "2018",

}

@article{torres,
  author    = "Torres, Craig",
  title     = "Demand for Programmers Hits Full Boil as {U.S.} Job Market Simmers",
  journal   = "Bloomberg",
  date      = "March 8th",
  year      = "2018",
}

@report{standish,
  author    = "The Standish Group",
  title     = "Chaos Report, Project Smart",
  year      = "2014",
}
